@article{dame2001milky,
  title={{The Milky Way in Molecular Clouds}},
  author={Dame, TM and Hartmann, D. and Thaddeus, P.},
  journal={The Astrophysical Journal},
  volume={547},
  pages={792--813},
  year={2001},
  publisher={Institute of Physics Publishing}
}
@article{iye2006galaxy,
  title={{A galaxy at a redshift z= 6.96}},
  author={Iye, M. and Ota, K. and Kashikawa, N. and Furusawa, H. and Hashimoto, T. and Hattori, T. and Matsuda, Y. and Morokuma, T. and Ouchi, M. and Shimasaku, K.},
  journal={Arxiv preprint astro-ph/0609393},
  year={2006}
}


