@article{polcaro2006supernovae,
  title={{Supernovae astrophysics from Middle Age documents}},
  author={Polcaro, VF and Martocchia, A.},
  journal={Proceedings of the International Astronomical Union},
  volume={1},
  number={S230},
  pages={264--268},
  year={2006},
  publisher={Cambridge Univ Press}
}
@article{bionta1987observation,
  title={{Observation of a neutrino burst in coincidence with supernova 1987A in the Large Magellanic Cloud}},
  author={Bionta, RM and Blewitt, G. and Bratton, CB and Casper, D. and Ciocio, A. and Claus, R. and Cortez, B. and Crouch, M. and Dye, ST and Errede, S. and others},
  journal={Physical Review Letters},
  volume={58},
  number={14},
  pages={1494--1496},
  year={1987},
  publisher={APS}
}

