Publikation
@article{mateo1998dwarf,
  title={{Dwarf galaxies of the Local Group}},
  author={Mateo, M.},
  journal={Annual Review of Astronomy and Astrophysics},
  volume={36},
  number={1},
  pages={435--506},
  year={1998},
  publisher={Annual Reviews}
}
@article{di2006dwarf,
  title={{Dwarf Galaxies of the Local Group}},
  author={Di Stefano, R. and Soria, R. and Primini, FA and Kong, A.},
  journal={Proceedings of the International Astronomical Union},
  volume={1},
  number={S230},
  pages={164--169},
  year={2006},
  publisher={Cambridge Univ Press}
}
@article{bica1999large,
  title={{Large Magellanic Cloud}},
  author={Bica, E.L.D. and Schmitt, H.R. and Dutra, C.M. and Oliveira, H.L.},
  journal={The Astronomical Journal},
  volume={117},
  pages={238--246},
  year={1999},
  publisher={Institute of Physics Publishing}
}
@conference{cole2005chemical,
  title={{Chemical Evolution of the Large Magellanic Cloud}},
  author={Cole, AA},
  booktitle={Bulletin of the American Astronomical Society},
  volume={37},
  pages={1380},
  year={2005}
}
@article{prantzos2006chemical,
  title={{The chemical evolution of the Milky Way in a cosmological context}},
  author={Prantzos, N.},
  journal={Arxiv preprint astro-ph/0611476},
  year={2006}
}
@misc{ wiki:xxx,
   author = "Wikipedia",
   title = "Roche-Grenze --- Wikipedia{,} Die freie Enzyklop√§die",
   year = "2010",
   url = "http://de.wikipedia.org/w/index.php?title=Roche-Grenze&oldid=75768997",
   note = "[Online; Stand 23. Juni 2010]"
}
@INPROCEEDINGS{2007AAS...211.1420G,
   author = {{Gaensler}, B.~M. and {Madsen}, G.~J. and {Chatterjee}, S. and 
	{Mao}, S.~A.},
    title = "{The Scale Height and Filling Factor of Warm Ionized Gas in the Milky Way}",
booktitle = {Bulletin of the American Astronomical Society},
     year = 2007,
   series = {Bulletin of the American Astronomical Society},
   volume = 38,
    month = dec,
    pages = {762-+},
   adsurl = {http://adsabs.harvard.edu/abs/2007AAS...211.1420G},
  adsnote = {Provided by the SAO/NASA Astrophysics Data System}
}


